<marcxml:record xmlns:marcxml="http://www.loc.gov/MARC21/slim" xmlns:idx="info:lc/xq-modules/lcindex" xmlns:madsrdf="http://www.loc.gov/mads/rdf/v1#" xmlns:ri="http://id.loc.gov/ontologies/RecordInfo#" xmlns:xlink="http://www.w3.org/1999/xlink" xmlns:rdf="http://www.w3.org/1999/02/22-rdf-syntax-ns#" xmlns:mets="http://www.loc.gov/METS/" xmlns:semtriples="http://marklogic.com/semantic" xmlns:xsi="http://www.w3.org/2001/XMLSchema-instance" xmlns:streams="info:lc/streams#">
            <marcxml:leader>01004cz  a2200205n  4500</marcxml:leader>
            <marcxml:controlfield tag="001">sh94003439</marcxml:controlfield>
            <marcxml:controlfield tag="003">DLC</marcxml:controlfield>
            <marcxml:controlfield tag="005">19960116141509.2</marcxml:controlfield>
            <marcxml:controlfield tag="008">940518|| anannbab|          |a ana ||| c</marcxml:controlfield>
            <marcxml:datafield tag="010" ind1=" " ind2=" ">
              <marcxml:subfield code="a">sh 94003439 </marcxml:subfield>
              <marcxml:subfield code="z">nr 93046160 </marcxml:subfield>
            </marcxml:datafield>
            <marcxml:datafield tag="040" ind1=" " ind2=" ">
              <marcxml:subfield code="a">ItRSI</marcxml:subfield>
              <marcxml:subfield code="c">DLC</marcxml:subfield>
              <marcxml:subfield code="d">DLC</marcxml:subfield>
            </marcxml:datafield>
            <marcxml:datafield tag="110" ind1="2" ind2="0">
              <marcxml:subfield code="a">Basilica Aemilia (Rome, Italy)</marcxml:subfield>
            </marcxml:datafield>
            <marcxml:datafield tag="410" ind1="2" ind2="0">
              <marcxml:subfield code="a">Aemilia, Basilica (Rome, Italy)</marcxml:subfield>
            </marcxml:datafield>
            <marcxml:datafield tag="410" ind1="2" ind2="0">
              <marcxml:subfield code="a">Basilica Amelia (Rome, Italy)</marcxml:subfield>
            </marcxml:datafield>
            <marcxml:datafield tag="410" ind1="2" ind2="0">
              <marcxml:subfield code="a">Basilica Pauli Aemilii (Rome, Italy)</marcxml:subfield>
            </marcxml:datafield>
            <marcxml:datafield tag="550" ind1=" " ind2="0">
              <marcxml:subfield code="w">g</marcxml:subfield>
              <marcxml:subfield code="a">Basilicas (Roman architecture)</marcxml:subfield>
              <marcxml:subfield code="z">Italy</marcxml:subfield>
            </marcxml:datafield>
            <marcxml:datafield tag="670" ind1=" " ind2=" ">
              <marcxml:subfield code="a">Work cat.: Die zeitiche und ikongraphische Stellung ... der Basilica Aemilia, 1991.</marcxml:subfield>
            </marcxml:datafield>
            <marcxml:datafield tag="670" ind1=" " ind2=" ">
              <marcxml:subfield code="a">Baedeker's Rome &amp; Central Italy, 16th ed.:</marcxml:subfield>
              <marcxml:subfield code="b">p. 326 (Basilica Aemilia; orig. built in 179 B.C. has been frequently restored and rebuilt ...)</marcxml:subfield>
            </marcxml:datafield>
            <marcxml:datafield tag="670" ind1=" " ind2=" ">
              <marcxml:subfield code="a">Harper's dict. of classic. lit. and antiquities, 1937:</marcxml:subfield>
              <marcxml:subfield code="b">p. 198 (Basilica Pauli Aemilii or Basilica Aemilia)</marcxml:subfield>
            </marcxml:datafield>
            <marcxml:datafield tag="670" ind1=" " ind2=" ">
              <marcxml:subfield code="a">Ox. classic. dict., 1950:</marcxml:subfield>
              <marcxml:subfield code="b">p. 132, under article for Basilica (Basilica Aemilia; loc. in the Roman Forum built ca. 50 B.C. or later)</marcxml:subfield>
            </marcxml:datafield>
          </marcxml:record>
